@article{musicsepgood,
author = {Cano, Estefanía and Fitzgerald, Derry and Liutkus, Antoine and Plumbley, Mark and Stöter, Fabian-Robert},
year = {2018},
title = {Musical source separation: an introduction},
volume = {36},
number = {1},
journal = {IEEE Signal Processing Magazine},
doi = {10.1109/MSP.2018.2874719}
}

@article{gabor1946,
title={Theory of communication},
author={Dennis Gabor},
year={1946},
pages={429--457},
volume={93},
number={3},
journal={Journal of Institution of Electrical Engineers},
url={http://www.granularsynthesis.com/pdf/gabor.pdf}
}

@article{tftradeoff1,
author = {Simpson, Andrew},
year = {2015},
title = {Time-frequency trade-offs for audio source separation with binary masks}
}

@article{slicq,
author={Holighaus, Nicki and Dörfler, Monika and Velasco, Gino Angelo and Grill, Thomas},
journal={IEEE Transactions on Audio, Speech, and Language Processing},
title={A framework for invertible, real-time constant-Q transforms},
year={2013},
volume={21},
number={4},
pages={775--785},
doi={10.1109/TASL.2012.2234114}}

@phdthesis{doerflerphd,
author = {D{\"o}rfler, Monika},
year = {2002},
title = {Gabor analysis for a class of signals called music},
url = {http://www.mathe.tu-freiberg.de/files/thesis/gamu_1.pdf}
}

@article{balazs,
author = {Balazs, Peter and Doerfler, Monika and Jaillet, F and Holighaus, Nicki and Velasco, Gino Angelo},
year = {2011},
pages = {1481--1496},
title = {Theory, implementation and applications of nonstationary Gabor frames},
volume = {236},
number = {6},
journal = {Journal of Computational and Applied Mathematics},
doi = {10.1016/j.cam.2011.09.011},
url = {https://ltfat.github.io/notes/ltfatnote018.pdf}
}

@article{jbrown,
  title={Calculation of a constant Q spectral transform},
  author={Judith Brown},
  journal={Journal of the Acoustical Society of America},
  year={1991},
  volume={89},
  pages={425--434},
  url={https://www.ee.columbia.edu/~dpwe/papers/Brown91-cqt.pdf}
}

@article{sisec2018,
      title={The 2018 signal separation evaluation campaign}, 
      author={Fabian-Robert Stöter and Antoine Liutkus and Nobutaka Ito},
      year={2018},
      eprint={1804.06267},
      archivePrefix={arXiv},
      primaryClass={eess.AS}
}

@article{umx,
  doi = {10.21105/joss.01667},
  year = {2019},
  publisher = {The Open Journal},
  volume = {4},
  number = {41},
  pages = {1667},
  author = {Fabian-Robert Stöter and Stefan Uhlich and Antoine Liutkus and Yuki Mitsufuji},
  title = {Open-Unmix: A reference implementation for music source separation},
  journal = {Journal of Open Source Software},
  url = {https://hal.inria.fr/hal-02293689/document}
}

@inproceedings{musicseptechniques1,
author={Liutkus, Antoine and Durrieu, Jean-Louis and Daudet, Laurent and Richard, Gaël},
booktitle={14th International Workshop on Image Analysis for Multimedia Interactive Services (WIAMIS)},
title={An overview of informed audio source separation},
year={2013},
pages={1--4},
doi={10.1109/WIAMIS.2013.6616139},
url={https://hal.archives-ouvertes.fr/hal-00958661/document}}

@article{musicsepintro1,
  author={Z. Rafii and A. Liutkus and
          F. R. Stöter and S. I. Mimilakis
          and D. FitzGerald and B. Pardo},
  journal={IEEE/ACM Transactions on Audio, Speech, and Language Processing},
  title={An overview of lead and accompaniment separation in music},
  year={2018},
  volume={26},
  number={8},
  pages={1307--1335},
  doi={10.1109/TASLP.2018.2825440},
  ISSN={2329-9290},
}

@article{driedger,
author = {Driedger, Jonathan and Müller, Meinard and Disch, Sascha},
year = {2014},
title = {Extending harmonic-percussive separation of audio signals},
url = {https://www.audiolabs-erlangen.de/content/05-fau/assistant/00-driedger/01-publications/2014_DriedgerMuellerDisch_ExtensionsHPSeparation_ISMIR.pdf}
}

@article{fitzgerald2,
author = {Fitzgerald, Derry and Gainza, Mikel},
year = {2010},
title = {Single channel vocal separation using median filtering and factorisation techniques},
volume = {4},
number = {1},
pages={62--73},
journal = {ISAST Transactions on Electronic and Signal Processing}
}

@inproceedings{wavelets,
author={Wolf, Guy and Mallat, Stéphane and Shamma, Shihab},
booktitle={IEEE International Workshop on Machine Learning for Signal Processing},
title={Audio source separation with time-frequency velocities},
year={2014},
pages={1--6},
doi={10.1109/MLSP.2014.6958893}}

@article{musdb18hq,
  author       = {Rafii, Zafar and
                  Liutkus, Antoine and
                  Stöter, Fabian-Robert and
                  Mimilakis, Stylianos Ioannis and
                  Bittner, Rachel},
  title        = {MUSDB18-HQ - an uncompressed version of MUSDB18},
  year         = {2019},
  doi          = {10.5281/zenodo.3338373},
}

@article{bss,
author = {Vincent, Emmanuel and Gribonval, Rémi and Févotte, Cédric},
year = {2006},
pages = {1462--1469},
title = {Performance measurement in blind audio source separation},
volume = {14},
journal = {Audio, Speech, and Language Processing, IEEE Transactions on},
doi = {10.1109/TSA.2005.858005}
}
