@inproceedings{emomucs,
  author       = {Jacopo de Berardinis and
                  Angelo Cangelosi and
                  Eduardo Coutinho},
  title        = {{The multiple voices of musical emotions: Source 
                   separation for improving music emotion recognition
                   models and their interpretability}},
  booktitle    = {{Proceedings of the 21st International Society for 
                   Music Information Retrieval Conference}},
  year         = {2020},
  pages        = {310-317},
  publisher    = {ISMIR},
  address      = {Montreal, Canada},
  venue        = {Montreal, Canada},
  doi          = {10.5281/zenodo.4245428},
}

@inproceedings{nufft1,
      title={A parallel non-uniform fast Fourier transform library based on an ``exponential of semicircle'' kernel}, 
      author={Barnett, Alex H. and Jeremy F. Magland and Ludvig af Klinteberg},
      year={2019},
      booktitle={SIAM Journal on Scientific Computing},
      pages = {C479-C504},
      volume = {41},
      number = {5},
}

@article{nufft2,
author = {Greengard, Leslie and June-Yub Lee},
title = {Accelerating the Nonuniform Fast Fourier Transform},
journal = {SIAM Review},
volume = {46},
number = {3},
pages = {443-454},
year = {2004},
doi = {10.1137/S003614450343200X},
}

@book{nufft3,
author = {Bagchi, Sonali and Sanjit K. Mitra},
title = {The Nonuniform Discrete Fourier Transform and Its Applications in Signal Processing},
publisher = {Kluwer Academic, Boston},
year = {1999}
}

@article{notch,
	author={Tadokoro, Yoshiaki and Kenichi Abe},
	journal={IEEE Transactions on Acoustics, Speech, and Signal Processing},
	title={Notch Fourier transform},
	year={1987},
	volume={35},
	number={9},
	pages={1282-1288},
	doi={10.1109/TASSP.1987.1165281}}
