@inproceedings{kong2021decoupling,
      title={Decoupling Magnitude and Phase Estimation with Deep ResUNet for Music Source Separation}, 
      author={Qiuqiang Kong and Yin Cao and Haohe Liu and Keunwoo Choi and Yuxuan Wang},
      year={2021},
      booktitle={22nd International Society for Music Information Retrieval Conference},
}
