% KEEP THIS IN ALPHABETICAL ORDER

@article{jbrown,
  title={Calculation of a constant Q spectral transform},
  author={Judith Brown},
  journal={Journal of the Acoustical Society of America},
  year={1991},
  volume={89},
  number={1},
  pages={425--434},
}

@phdthesis{doerflerphd,
author = {D{\"o}rfler, Monika},
year = {2002},
title = {Gabor analysis for a class of signals called music},
school = {Numerical Harmonic Analysis Group, University of Vienna},
}

@article{gabor1946,
title={Theory of communication},
author={Dennis Gabor},
year={1946},
pages={429--457},
volume={93},
number={3},
journal={Journal of Institution of Electrical Engineers},
}

@article{slicq,
author={Holighaus, Nicki and Dörfler, Monika and Velasco, Gino Angelo and Grill, Thomas},
journal={IEEE Transactions on Audio, Speech, and Language Processing},
title={A framework for invertible, real-time constant-Q transforms},
year={2013},
volume={21},
number={4},
pages={775--785},
doi={10.1109/TASL.2012.2234114}}

@article{mdx21,
author = {Mitsufuji, Yuki and Fabbro, Giorgio and Uhlich, Stefan and Stöter, Fabian-Robert},
year = {2021},
title = {Music demixing challenge at ISMIR 2021},
journal={arXiv preprint arXiv:2108.13559},
url={https://arxiv.org/abs/2108.13559}
}

@inproceedings{hanssian21,
    title={Music demixing with the sliCQ transform},
    author={Hanssian, Sevag},
    booktitle={MDX21 workshop at ISMIR 2021},
    year={2021}}


@misc{yu2021dannasep,
      title={Danna-Sep: Unite to separate them all}, 
      author={Chin-Yun Yu and Kin-Wai Cheuk},
      year={2021},
      eprint={2112.03752},
      archivePrefix={arXiv},
      primaryClass={eess.AS}
}

@online{musdb18hq,
  author       = {Rafii, Zafar and
                  Liutkus, Antoine and
                  Stöter, Fabian-Robert and
                  Mimilakis, Stylianos Ioannis and
                  Bittner, Rachel},
  title        = {MUSDB18-HQ: an uncompressed version of MUSDB18},
  year         = {2019},
  doi          = {10.5281/zenodo.3338373},
}
