@inproceedings{cqtklapuri,
  title        = {Constant-Q Transform Toolbox for Music Processing},
  author       = {Schörkhuber, Christian and Anssi Klapuri},
  year         = {2010},
  doi          = {10.5281/zenodo.849741},
  booktitle    = {7th Sound and Music Computing Conference (SMC2010), Barcelona, Spain},
}

@article{jbrown,
  title={Calculation of a constant Q spectral transform},
  author={Judith Brown},
  journal={Journal of the Acoustical Society of America},
  year={1991},
  volume={89},
  pages={425-434},
  url={https://www.ee.columbia.edu/~dpwe/papers/Brown91-cqt.pdf}
}

@phdthesis{doerflerphd,
author = {Doerfler, Monika},
year = {2002},
month = {01},
pages = {},
title = {Gabor analysis for a class of signals called music},
url = {http://www.mathe.tu-freiberg.de/files/thesis/gamu_1.pdf}
}

@article{balazs,
author = {Balazs, Peter and Doerfler, Monika and Jaillet, F and Holighaus, Nicki and Velasco, Gino Angelo},
year = {2011},
pages = {1481-1496},
title = {Theory, implementation and applications of nonstationary Gabor frames},
volume = {236},
journal = {Journal of computational and applied mathematics},
doi = {10.1016/j.cam.2011.09.011},
url = {https://ltfat.github.io/notes/ltfatnote018.pdf}
}

@misc{invertiblecqt,
url = {https://www.univie.ac.at/nonstatgab/pdf_files/dohogrve11_amsart.pdf},
author = {Velasco, Gino Angelo and Holighaus, Nicki and Doerfler, Monika and Grill, Thomas},
year = {2011},
pages = {},
title = {Constructing an invertible constant-Q transform with nonstationary Gabor frames},
journal = {Proceedings of the 14th International Conference on Digital Audio Effects, DAFx 2011}
}

@article{bss,
author = {Vincent, Emmanuel and Gribonval, Rémi and Févotte, Cédric},
year = {2006},
month = {08},
pages = {1462 - 1469},
title = {Performance measurement in blind audio source separation},
volume = {14},
journal = {Audio, Speech, and Language Processing, IEEE Transactions on},
doi = {10.1109/TSA.2005.858005}
}

@misc{sigsep2018,
      title={The 2018 Signal Separation Evaluation Campaign}, 
      author={Fabian-Robert Stöter and Antoine Liutkus and Nobutaka Ito},
      year={2018},
      eprint={1804.06267},
      archivePrefix={arXiv},
      primaryClass={eess.AS}
}

@misc{musdb18,
  author       = {Rafii, Zafar and
                  Liutkus, Antoine and
                  Fabian-Robert St{\"o}ter and
                  Mimilakis, Stylianos Ioannis and
                  Bittner, Rachel},
  title        = {The {MUSDB18} corpus for music separation},
  month        = dec,
  year         = 2017,
  doi          = {10.5281/zenodo.1117372},
}

@misc{musdb18-hq,
  author       = {Rafii, Zafar and
                  Liutkus, Antoine and
                  Stöter, Fabian-Robert and
                  Mimilakis, Stylianos Ioannis and
                  Bittner, Rachel},
  title        = {MUSDB18-HQ - an uncompressed version of MUSDB18},
  month        = aug,
  year         = 2019,
  doi          = {10.5281/zenodo.3338373},
}

@inbook{irm,
author = {Hummersone, Christopher and Stokes, Toby and Brookes, Tim},
year = {2014},
pages = {349-368},
title = {On the Ideal Ratio Mask as the Goal of Computational Auditory Scene Analysis},
isbn = {978-3-642-55015-7},
doi = {10.1007/978-3-642-55016-4_12}
}

@misc{sisec2018,
      title={The 2018 Signal Separation Evaluation Campaign}, 
      author={Fabian-Robert Stöter and Antoine Liutkus and Nobutaka Ito},
      year={2018},
      eprint={1804.06267},
      archivePrefix={arXiv},
      primaryClass={eess.AS}
}

@inproceedings{transientsep,
author={J. {Janer} and R. {Marxer} and K. {Arimoto}},
booktitle={2012 IEEE International Conference on Acoustics, Speech and Signal Processing (ICASSP)},
title={Combining a harmonic-based NMF decomposition with transient analysis for instantaneous percussion separation},
year={2012},
pages={281-284},
doi={10.1109/ICASSP.2012.6287872}}

@article{musicsepgood,
author = {Cano, Estefanía and Fitzgerald, Derry and Liutkus, Antoine and Plumbley, Mark and Stöter, Fabian-Robert},
year = {2018},
month = {01},
pages = {},
title = {Musical Source Separation: An Introduction},
volume = {36},
journal = {IEEE Signal Processing Magazine},
doi = {10.1109/MSP.2018.2874719}
}

@inproceedings{warpwabnik,
	author={S. {Wabnik} and G. {Schuller} and U. {Kramer} and J. {Hirschfeld}},
	booktitle={Proceedings. (ICASSP '05). IEEE International Conference on Acoustics, Speech, and Signal Processing, 2005.},
	title={Frequency warping in low delay audio coding},
	year={2005},
	volume={3},
	number={},
	pages={iii/181-iii/184},
	doi={10.1109/ICASSP.2005.1415676}}

@article{cqwarp,
author = {Evangelista, Gianpaolo and Doerfler, Monika and Matusiak, Ewa},
year = {2013},
month = {08},
pages = {},
title = {Arbitrary Phase Vocoders by means of Warping},
volume = {7},
journal = {Musica e Tecnologia},
doi = {10.13128/Music_Tec-13210}
}

@inproceedings{betterwarp,
	author={P. H. {Kachare} and A. N. {Cheeran} and J. H. {Nirmal}},
	booktitle={2015 International Conference on Industrial Instrumentation and Control (ICIC)},
	title={Cubic spline approximation of bilinear frequency unwarping},
       	year={2015},
	pages={1094-1097},
	doi={10.1109/IIC.2015.7150910}}

@article{barkerb,
	author={J. O. {Smith} and J. S. {Abel}},
	journal={IEEE Transactions on Speech and Audio Processing},
	title={Bark and ERB bilinear transforms},
       	year={1999},
	volume={7},
	number={6},
	pages={697-708},
	doi={10.1109/89.799695}}

@article{makur2008,
	author={A. {Makur}},
	journal={IEEE Transactions on Circuits and Systems I: Regular Papers},
	title={Computational Schemes for Warped DFT and Its Inverse},
       	year={2008},
	volume={55},
	number={9},
	pages={2686-2695},
	doi={10.1109/TCSI.2008.921023}}
